<?xml version="1.0" encoding="UTF-8"?><collection xmlns="http://www.loc.gov/MARC21/slim"><record><leader>00483nam--2200181-u-4500</leader><controlfield tag="001">000055537</controlfield><controlfield tag="002">20161230</controlfield><controlfield tag="005">20161230201052</controlfield><controlfield tag="008">130220s1000------------r-----000-0-eng-d</controlfield><datafield ind1=" " ind2=" " tag="040"><subfield code="a">IFIN-HH</subfield></datafield><datafield ind1=" " ind2=" " tag="080"><subfield code="a">413.232=2=S:629:623.454.8</subfield></datafield><datafield ind1="1" ind2=" " tag="100"><subfield code="a">Dremincev, I.D</subfield></datafield><datafield ind1="1" ind2="0" tag="245"><subfield code="a">Naglo-russkii slovari po reaktivnomu orujiiu</subfield><subfield code="c">I.d. dremincev, v.p. grecekin</subfield></datafield><datafield ind1=" " ind2=" " tag="260"><subfield code="a">Moskva</subfield><subfield code="c">1960</subfield></datafield><datafield ind1=" " ind2=" " tag="300"><subfield code="a">380P</subfield></datafield><datafield ind1="1" ind2=" " tag="700"><subfield code="a">Grecekin, V.P</subfield></datafield><datafield ind1=" " ind2=" " tag="852"><subfield code="a">D.221</subfield><subfield code="c">SLT</subfield></datafield><datafield ind1=" " ind2=" " tag="CAT"><subfield code="a">Sys</subfield><subfield code="c">20130220</subfield><subfield code="h">125034</subfield></datafield></record></collection>